<record><leader>00000cas a22000007a 4500</leader><controlfield tag="001">28270446</controlfield><controlfield tag="008">930614d1939194uctuwr ne      0    0eng d</controlfield><datafield ind1=" " ind2=" " tag="010"><subfield code="a">sn 93054003 </subfield></datafield><datafield ind1=" " ind2=" " tag="040"><subfield code="a">CNW</subfield><subfield code="b">eng</subfield><subfield code="c">CNW</subfield><subfield code="d">CTH</subfield><subfield code="d">OCLCQ</subfield><subfield code="d">OCLCF</subfield><subfield code="d">OCLCO</subfield></datafield><datafield ind1=" " ind2=" " tag="019"><subfield code="a">55516690</subfield></datafield><datafield ind1="1" ind2=" " tag="029"><subfield code="a">AU@</subfield><subfield code="b">000020738437</subfield></datafield><datafield ind1=" " ind2=" " tag="042"><subfield code="a">msc</subfield></datafield><datafield ind1=" " ind2=" " tag="043"><subfield code="a">n-us-ct</subfield></datafield><datafield ind1="0" ind2=" " tag="130"><subfield code="a">Neighborhood news (Granby, Conn.)</subfield></datafield><datafield ind1="1" ind2="4" tag="245"><subfield code="a">The neighborhood news.</subfield></datafield><datafield ind1=" " ind2=" " tag="260"><subfield code="a">[S.l. :</subfield><subfield code="b">s.n.]</subfield></datafield><datafield ind1=" " ind2=" " tag="300"><subfield code="a">v.</subfield></datafield><datafield ind1=" " ind2=" " tag="310"><subfield code="a">Weekly</subfield></datafield><datafield ind1="0" ind2=" " tag="362"><subfield code="a">Vol. 1, no. 1 (May 27, 1939)-</subfield></datafield><datafield ind1=" " ind2=" " tag="500"><subfield code="a">Published in Granby, Conn.</subfield></datafield><datafield ind1=" " ind2=" " tag="500"><subfield code="a">Editor: Buddy Pendleton, June 17, 1939-</subfield></datafield><datafield ind1=" " ind2=" " tag="530"><subfield code="a">Also issued on microfilm from Connecticut State Library, Hartford, CT.</subfield></datafield><datafield ind1=" " ind2="0" tag="651"><subfield code="a">Granby (Conn.)</subfield><subfield code="v">Newspapers.</subfield></datafield><datafield ind1=" " ind2="7" tag="655"><subfield code="a">Newspapers</subfield><subfield code="z">Connecticut</subfield><subfield code="z">Granby.</subfield><subfield code="2">rbgenr</subfield></datafield><datafield ind1=" " ind2="7" tag="655"><subfield code="a">Newspapers.</subfield><subfield code="2">fast</subfield><subfield code="0">(OCoLC)fst01423814</subfield></datafield><datafield ind1=" " ind2="7" tag="651"><subfield code="a">Connecticut</subfield><subfield code="z">Granby.</subfield><subfield code="2">fast</subfield><subfield code="0">(OCoLC)fst01301942</subfield></datafield><datafield ind1=" " ind2=" " tag="752"><subfield code="a">United States</subfield><subfield code="b">Connecticut</subfield><subfield code="c">Hartford</subfield><subfield code="d">Granby.</subfield></datafield></record>